@misc{bitcoin_wp,
  author = {Satoshi Nakamoto},
  title = {Bitcoin: A Peer-to-Peer Electronic Cash System},
  howpublished = {\url{https://bitcoin.org/bitcoin.pdf}}
}

@misc{bitcoin_address,
  author = {Bitcoin Wiki},
  title = {Technical background of version 1 Bitcoin addresses},
  howpublished = {\url{https://en.bitcoin.it/wiki/Technical_background_of_version_1_Bitcoin_addresses}}
}

@misc{bitcoin_secp,
  author = {Bitcoin Wiki},
  title = {Secp256k1},
  howpublished = {\url{https://en.bitcoin.it/wiki/Secp256k1}}
}

@misc{monero_wp,
  author = {Nicolas van Saberhagen},
  title = {CryptoNote v2.0},
  howpublished = {\url{https://bytecoin.org/old/whitepaper.pdf}}
}

@misc{monero_address,
  title = {Monero address cheatsheet},
  howpublished = {\url{https://www.getmonero.org/library/MoneroAddressesCheatsheet20201206.pdf}}
}

@misc{monero_address2,
  title = {Monero documentation : Standard address},
  howpublished = {\url{https://monerodocs.org/public-address/standard-address/}}
}

@misc{tor_wp,
  author = {Roger Dingledine, Nick Mathewson, Paul Syverson},
  title = {Tor: The Second-Generation Onion Router},
  howpublished = {\url{https://svn-archive.torproject.org/svn/projects/design-paper/tor-design.pdf}}
}

@misc{mix_wp,
  author = {David Chaum},
  title = {Untraceable Electronic Mail,Return Addresses, and Digital Pseudonyms},
  howpublished = {\url{https://chaum.com/wp-content/uploads/2022/09/UNTRACEABLE-ELECTRONIC-MAIL-RETURN-ADDRESSES-AND-DIGITAL-PSEUDONYMS-tech-report.pdf}}
}

@misc{anon_term,
  author = {Andreas Pfitzmann, Marit Hansen},
  title = {A terminology for talking about privacy by data minimization:
  Anonymity, Unlinkability, Undetectability, Unobservability,
  Pseudonymity, and Identity Management},
  howpublished = {\url{https://dud.inf.tu-dresden.de/literatur/Anon_Terminology_v0.34.pdf}}
}

@misc{hbc,
  author = {Andrew Paverd, Andrew Martin, Ian Brown},
  title = {Modelling and Automatically Analysing Privacy
  Properties for Honest-but-Curious Adversaries
  },
  howpublished = {\url{https://www.cs.ox.ac.uk/people/andrew.paverd/casper/casper-privacy-report.pdf}}
}

@inproceedings{Diaz02,
  title = {Towards measuring anonymity}, 
  author = {Claudia Diaz and Stefaan Seys and Joris Claessens and Bart Preneel}, 
  booktitle = {Proceedings of Privacy Enhancing Technologies Workshop (PET 2002)}, 
  year = {2002}, 
  month = {April}, 
  editor = {Roger Dingledine and Paul Syverson}, 
  publisher = {Springer-Verlag, LNCS 2482}, 
  www_important = {1}, 
  www_tags = {selected}, 
  www_pdf_url = {https://www.researchgate.net/profile/Stefaan_Seys/publication/221655590_Towards_Measuring_Anonymity/links/00b495213688a4e2e7000000/Towards-Measuring-Anonymity.pdf},
  www_section = {Traffic analysis}, 
}

@misc{anon_quantify,
  author = {Steven J. Murdoch},
  title = {Quantifying and Measuring Anonymity},
  howpublished = {\url{https://murdoch.is/papers/dpm13quantify.pdf}}
}

@misc{anon_entropist,
  author = {Paul Syverson},
  title = {WHy I'm not an Entropist},
  howpublished = {\url{https://www.freehaven.net/anonbib/cache/entropist.pdf}}
}





